@article{DBLP:journals/tkde/ArtikisSP15,
  author       = {Alexander Artikis and
                  Marek J. Sergot and
                  Georgios Paliouras},
  title        = {An Event Calculus for Event Recognition},
  journal      = {{IEEE} Trans. Knowl. Data Eng.},
  volume       = {27},
  number       = {4},
  pages        = {895--908},
  year         = {2015}
}

@Article{kowalski86,
  Title                    = {A Logic-Based Calculus of Events},
  Author                   = {R. Kowalski and M. Sergot},
  Journal                  = {New Gen. Computing},
  Year                     = {1986},
  Number                   = {1},
  Pages                    = {67--96},
  Volume                   = {4}
}

@inproceedings{DBLP:conf/kr/MantenoglouPA22,
  author       = {Periklis Mantenoglou and
                  Manolis Pitsikalis and
                  Alexander Artikis},
  title        = {Stream Reasoning with Cycles},
  booktitle    = {KR},
  pages        = {544--553},
  year         = {2022}
}

@inproceedings{DBLP:conf/kr/MantenoglouKA23,
  author       = {Periklis Mantenoglou and
                  Dimitrios Kelesis and
                  Alexander Artikis},
  title        = {Complex Event Recognition with Allen Relations},
  booktitle    = {KR},
  pages        = {502--511},
  year         = {2023}
}

@inproceedings{clark78,
  author       = {Keith L. Clark},
  title        = {Negation as Failure},
  booktitle    = {Logic and Data Bases},
  pages        = {293--322},
  publisher    = {Plemum Press},
  year         = {1977},
}

@inproceedings{DBLP:conf/time/SantipantakisVD18,
  author    = {Georgios M. Santipantakis and
               Akrivi Vlachou and
               Christos Doulkeridis and
               Alexander Artikis and
               Ioannis Kontopoulos and
               George A. Vouros},
  title     = {A Stream Reasoning System for Maritime Monitoring},
  booktitle = {TIME},
  volume    = {120},
  pages     = {20:1--20:17},
  year      = {2018},
}

@article{DBLP:journals/ml/MichelioudakisA19,
  author    = {Evangelos Michelioudakis and
               Alexander Artikis and
               Georgios Paliouras},
  title     = {Semi-supervised online structure learning for composite event recognition},
  journal   = {Mach. Learn.},
  volume    = {108},
  number    = {7},
  pages     = {1085--1110},
  year      = {2019}, 
}

% distance function for ground lgoical atoms
@inproceedings{DBLP:conf/ilp/Nienhuys-Cheng97,
  author       = {Shan{-}Hwei Nienhuys{-}Cheng},
  editor       = {Nada Lavrac and
                  Saso Dzeroski},
  title        = {Distance Between Herbrand Interpretations: {A} Measure for Approximations
                  to a Target Concept},
  booktitle    = {Inductive Logic Programming, 7th International Workshop, ILP-97, Prague,
                  Czech Republic, September 17-20, 1997, Proceedings},
  series       = {Lecture Notes in Computer Science},
  volume       = {1297},
  pages        = {213--226},
  publisher    = {Springer},
  year         = {1997},
}

% Optimal one-to-one assignmet given some distance function.
@article{Kuhn1955HM,
author = {Kuhn, H. W.},
title = {The Hungarian method for the assignment problem},
journal = {Naval Research Logistics Quarterly},
volume = {2},
number = {1-2},
pages = {83-97},
year = {1955}
}



